@article{DBLP:journals/corr/Johnson014,
  author    = {Rie Johnson and
               Tong Zhang},
  title     = {Effective Use of Word Order for Text Categorization with Convolutional
               Neural Networks},
  journal   = {CoRR},
  volume    = {abs/1412.1058},
  year      = {2014},
  url       = {http://arxiv.org/abs/1412.1058},
  timestamp = {Thu, 01 Jan 2015 19:51:08 +0100},
  biburl    = {http://dblp.uni-trier.de/rec/bib/journals/corr/Johnson014},
  bibsource = {dblp computer science bibliography, http://dblp.org}
}

@article{hinton2012improving,
  title={Improving neural networks by preventing co-adaptation of feature detectors},
  author={Hinton, Geoffrey E and Srivastava, Nitish and Krizhevsky, Alex and Sutskever, Ilya and Salakhutdinov, Ruslan R},
  journal={arXiv preprint arXiv:1207.0580},
  year={2012}
}

@inproceedings{krizhevsky2012imagenet,
  title={Imagenet classification with deep convolutional neural networks},
  author={Krizhevsky, Alex and Sutskever, Ilya and Hinton, Geoffrey E},
  booktitle={Advances in neural information processing systems},
  pages={1097--1105},
  year={2012}
}

@inproceedings{wang2012baselines,
  title={Baselines and bigrams: Simple, good sentiment and topic classification},
  author={Wang, Sida and Manning, Christopher D},
  booktitle={Proceedings of the 50th Annual Meeting of the Association for Computational Linguistics: Short Papers-Volume 2},
  pages={90--94},
  year={2012},
  organization={Association for Computational Linguistics}
}